@article{anderson1982reverse,
  author  = {B. D. O. Anderson},
  journal = {Stochastic Process. Appl.},
  number  = {3},
  title   = {Reverse-time diffusion equation models},
  volume  = {12},
  year    = {1982}
}

@book{arora2009computational,
  address   = {Cambridge, New York, Melbourne, Madrid, Cape Town, Singapore, São Paulo},
  author    = {Arora, Sanjeev and Barak, Boaz},
  isbn      = {978-0-521-42426-4},
  publisher = {Cambridge University Press},
  title     = {Computational Complexity: A Modern Approach},
  url       = {http://www.cambridge.org/9780521424264},
  year      = {2009}
}

@misc{betzalel2022study,
  archiveprefix = {arXiv},
  author        = {Eyal Betzalel and Coby Penso and Aviv Navon and Ethan Fetaya},
  eprint        = {2206.10935},
  primaryclass  = {cs.LG},
  title         = {A Study on the Evaluation of Generative Models},
  year          = {2022}
}

@book{bishop2006pattern,
  author    = {Bishop, Christopher M.},
  publisher = {Springer},
  title     = {Pattern Recognition and Machine Learning},
  year      = {2006}
}

@misc{bunne2023optimal,
  author       = {Bunne, Charlotte},
  howpublished = {ICML Tutorial},
  title        = {Optimal Transport in Learning, Control, and Dynamical Systems},
  year         = {2023}
}

@misc{chen2023likelihood,
  archiveprefix = {arXiv},
  author        = {Tianrong Chen and Guan-Horng Liu and Evangelos A. Theodorou},
  eprint        = {2110.11291},
  primaryclass  = {stat.ML},
  title         = {Likelihood Training of Schr\"odinger Bridge using Forward-Backward SDEs Theory},
  year          = {2023}
}

@misc{cuturi2013sinkhorn,
  archiveprefix = {arXiv},
  author        = {Marco Cuturi},
  eprint        = {1306.0895},
  primaryclass  = {stat.ML},
  title         = {Sinkhorn Distances: Lightspeed Computation of Optimal Transportation Distances},
  year          = {2013}
}

@article{dasgupta2003elementary,
  author    = {Dasgupta, Sanjoy and Gupta, Anupam},
  doi       = {10.1002/rsa.10073},
  journal   = {Random Structures \& Algorithms},
  note      = {Received 16 December 2001; accepted 11 July 2002},
  number    = {1},
  pages     = {60--65},
  publisher = {Wiley Online Library},
  title     = {An Elementary Proof of a Theorem of Johnson and Lindenstrauss},
  volume    = {22},
  year      = {2003}
}

@misc{debortoli2023diffusion,
  archiveprefix = {arXiv},
  author        = {Valentin De Bortoli and James Thornton and Jeremy Heng and Arnaud Doucet},
  eprint        = {2106.01357},
  primaryclass  = {stat.ML},
  title         = {Diffusion Schr\"odinger Bridge with Applications to Score-Based Generative Modeling},
  year          = {2023}
}

@misc{dhariwal2021diffusion,
  archiveprefix = {arXiv},
  author        = {Prafulla Dhariwal and Alex Nichol},
  eprint        = {2105.05233},
  primaryclass  = {cs.LG},
  title         = {Diffusion Models Beat GANs on Image Synthesis},
  year          = {2021}
}

@misc{dhariwal2021diffusion,
  archiveprefix = {arXiv},
  author        = {Prafulla Dhariwal and Alex Nichol},
  eprint        = {2105.05233},
  primaryclass  = {cs.LG},
  title         = {Diffusion Models Beat GANs on Image Synthesis},
  year          = {2021}
}

@misc{dosovitskiy2021image,
  archiveprefix = {arXiv},
  author        = {Alexey Dosovitskiy and Lucas Beyer and Alexander Kolesnikov and Dirk Weissenborn and Xiaohua Zhai and Thomas Unterthiner and Mostafa Dehghani and Matthias Minderer and Georg Heigold and Sylvain Gelly and Jakob Uszkoreit and Neil Houlsby},
  eprint        = {2010.11929},
  primaryclass  = {cs.CV},
  title         = {An Image is Worth 16x16 Words: Transformers for Image Recognition at Scale},
  year          = {2021}
}

@article{DSM,
  author  = {Vincent, Pascal},
  doi     = {10.1162/NECO_a_00142},
  journal = {Neural Computation},
  number  = {7},
  pages   = {1661-1674},
  title   = {A Connection Between Score Matching and Denoising Autoencoders},
  volume  = {23},
  year    = {2011}
}

@misc{elfwing2017sigmoidweighted,
  archiveprefix = {arXiv},
  author        = {Stefan Elfwing and Eiji Uchibe and Kenji Doya},
  eprint        = {1702.03118},
  primaryclass  = {cs.LG},
  title         = {Sigmoid-Weighted Linear Units for Neural Network Function Approximation in Reinforcement Learning},
  year          = {2017}
}

@article{erdem2023stepByStepVisualIntroductionToDiffusionModels,
  author  = {Erdem, Kemal},
  journal = {https://erdem.pl},
  title   = {Step by Step visual introduction to Diffusion Models},
  url     = {https://erdem.pl/2023/11/step-by-step-visual-introduction-to-diffusion-models},
  year    = {2023}
}

@misc{farhani2022momentum,
  archiveprefix = {arXiv},
  author        = {Ghazal Farhani and Alexander Kazachek and Boyu Wang},
  eprint        = {2206.14862},
  primaryclass  = {cs.LG},
  title         = {Momentum Diminishes the Effect of Spectral Bias in Physics-Informed Neural Networks},
  year          = {2022}
}

@misc{goodfellow2014generative,
  archiveprefix = {arXiv},
  author        = {Ian J. Goodfellow and Jean Pouget-Abadie and Mehdi Mirza and Bing Xu and David Warde-Farley and Sherjil Ozair and Aaron Courville and Yoshua Bengio},
  eprint        = {1406.2661},
  primaryclass  = {stat.ML},
  title         = {Generative Adversarial Networks},
  year          = {2014}
}

@misc{hafner2018tfdistvae,
  author       = {Hafner, Danijar},
  howpublished = {Blog post},
  title        = {Building Variational Auto-Encoders in TensorFlow},
  url          = {https://danijar.com/building-variational-auto-encoders-in-tensorflow/},
  year         = {2018}
}

@misc{he2015deep,
  archiveprefix = {arXiv},
  author        = {Kaiming He and Xiangyu Zhang and Shaoqing Ren and Jian Sun},
  eprint        = {1512.03385},
  primaryclass  = {cs.CV},
  title         = {Deep Residual Learning for Image Recognition},
  year          = {2015}
}

@misc{hendrycks2023gaussian,
  archiveprefix = {arXiv},
  author        = {Dan Hendrycks and Kevin Gimpel},
  eprint        = {1606.08415},
  primaryclass  = {cs.LG},
  title         = {Gaussian Error Linear Units (GELUs)},
  year          = {2023}
}

@misc{heng2022simulating,
  archiveprefix = {arXiv},
  author        = {Jeremy Heng and Valentin De Bortoli and Arnaud Doucet and James Thornton},
  eprint        = {2111.07243},
  primaryclass  = {stat.CO},
  title         = {Simulating Diffusion Bridges with Score Matching},
  year          = {2022}
}

@misc{henighan2020scaling,
  archiveprefix = {arXiv},
  author        = {Tom Henighan and Jared Kaplan and Mor Katz and Mark Chen and Christopher Hesse and Jacob Jackson and Heewoo Jun and Tom B. Brown and Prafulla Dhariwal and Scott Gray and Chris Hallacy and Benjamin Mann and Alec Radford and Aditya Ramesh and Nick Ryder and Daniel M. Ziegler and John Schulman and Dario Amodei and Sam McCandlish},
  eprint        = {2010.14701},
  primaryclass  = {cs.LG},
  title         = {Scaling Laws for Autoregressive Generative Modeling},
  year          = {2020}
}

@misc{ho2020denoising,
  archiveprefix = {arXiv},
  author        = {Jonathan Ho and Ajay Jain and Pieter Abbeel},
  eprint        = {2006.11239},
  primaryclass  = {cs.LG},
  title         = {Denoising Diffusion Probabilistic Models},
  year          = {2020}
}

@misc{huggingface_annotated_diffusion_2022,
  author  = {Rogge, Niels and Rasul, Kashif},
  journal = {Hugging Face Blog},
  title   = {The Annotated Diffusion Model},
  url     = {https://huggingface.co/blog/annotated-diffusion},
  year    = {2022}
}

@article{hyvarinen2005estimation,
  address = {FIN-00014 University of Helsinki, Finland},
  author  = {Aapo Hyvärinen},
  journal = {Helsinki Institute for Information Technology (BRU) Department of Computer Science},
  title   = {Estimation of Non-Normalized Statistical Models by Score Matching},
  year    = {2005}
}


@misc{ioffe2015batch,
  archiveprefix = {arXiv},
  author        = {Sergey Ioffe and Christian Szegedy},
  eprint        = {1502.03167},
  primaryclass  = {cs.LG},
  title         = {Batch Normalization: Accelerating Deep Network Training by Reducing Internal Covariate Shift},
  year          = {2015}
}

@misc{jacot2020neural,
  archiveprefix = {arXiv},
  author        = {Arthur Jacot and Franck Gabriel and Clément Hongler},
  eprint        = {1806.07572},
  primaryclass  = {cs.LG},
  title         = {Neural Tangent Kernel: Convergence and Generalization in Neural Networks},
  year          = {2020}
}

@misc{kaplan2020scaling,
  archiveprefix = {arXiv},
  author        = {Jared Kaplan and Sam McCandlish and Tom Henighan and Tom B. Brown and Benjamin Chess and Rewon Child and Scott Gray and Alec Radford and Jeffrey Wu and Dario Amodei},
  eprint        = {2001.08361},
  primaryclass  = {cs.LG},
  title         = {Scaling Laws for Neural Language Models},
  year          = {2020}
}


@misc{kingma2022autoencoding,
  archiveprefix = {arXiv},
  author        = {Diederik P Kingma and Max Welling},
  eprint        = {1312.6114},
  primaryclass  = {stat.ML},
  title         = {Auto-Encoding Variational Bayes},
  year          = {2022}
}

@misc{korotin2023light,
  archiveprefix = {arXiv},
  author        = {Alexander Korotin and Nikita Gushchin and Evgeny Burnaev},
  eprint        = {2310.01174},
  primaryclass  = {cs.LG},
  title         = {Light Schr\"odinger Bridge},
  year          = {2023}
}

@misc{lee2018deep,
  archiveprefix = {arXiv},
  author        = {Jaehoon Lee and Yasaman Bahri and Roman Novak and Samuel S. Schoenholz and Jeffrey Pennington and Jascha Sohl-Dickstein},
  eprint        = {1711.00165},
  primaryclass  = {stat.ML},
  title         = {Deep Neural Networks as Gaussian Processes},
  year          = {2018}
}


@misc{loaizaganem2019continuous,
  archiveprefix = {arXiv},
  author        = {Gabriel Loaiza-Ganem and John P. Cunningham},
  eprint        = {1907.06845},
  primaryclass  = {stat.ML},
  title         = {The continuous Bernoulli: fixing a pervasive error in variational autoencoders},
  year          = {2019}
}

@misc{lu2022dpmsolver,
  archiveprefix = {arXiv},
  author        = {Cheng Lu and Yuhao Zhou and Fan Bao and Jianfei Chen and Chongxuan Li and Jun Zhu},
  eprint        = {2206.00927},
  primaryclass  = {cs.LG},
  title         = {DPM-Solver: A Fast ODE Solver for Diffusion Probabilistic Model Sampling in Around 10 Steps},
  year          = {2022}
}

@misc{luo2022understanding,
  archiveprefix = {arXiv},
  author        = {Calvin Luo},
  eprint        = {2208.11970},
  primaryclass  = {cs.LG},
  title         = {Understanding Diffusion Models: A Unified Perspective},
  year          = {2022}
}

@misc{mcallester2023mathematics,
  archiveprefix = {arXiv},
  author        = {David McAllester},
  eprint        = {2301.11108},
  primaryclass  = {cs.LG},
  title         = {On the Mathematics of Diffusion Models},
  year          = {2023}
}

@misc{meng2023distillation,
  archiveprefix = {arXiv},
  author        = {Chenlin Meng and Robin Rombach and Ruiqi Gao and Diederik P. Kingma and Stefano Ermon and Jonathan Ho and Tim Salimans},
  eprint        = {2210.03142},
  primaryclass  = {cs.CV},
  title         = {On Distillation of Guided Diffusion Models},
  year          = {2023}
}


@misc{mirza2014conditional,
  archiveprefix = {arXiv},
  author        = {Mehdi Mirza and Simon Osindero},
  eprint        = {1411.1784},
  primaryclass  = {cs.LG},
  title         = {Conditional Generative Adversarial Nets},
  year          = {2014}
}

@misc{nichol2021improved,
  archiveprefix = {arXiv},
  author        = {Alex Nichol and Prafulla Dhariwal},
  eprint        = {2102.09672},
  primaryclass  = {cs.LG},
  title         = {Improved Denoising Diffusion Probabilistic Models},
  year          = {2021}
}

@misc{petersen2020topological,
  archiveprefix = {arXiv},
  author        = {Philipp Petersen and Mones Raslan and Felix Voigtlaender},
  eprint        = {1806.08459},
  primaryclass  = {math.GN},
  title         = {Topological properties of the set of functions generated by neural networks of fixed size},
  year          = {2020}
}

@misc{peyré2020computational,
  archiveprefix = {arXiv},
  author        = {Gabriel Peyré and Marco Cuturi},
  eprint        = {1803.00567},
  primaryclass  = {stat.ML},
  title         = {Computational Optimal Transport},
  year          = {2020}
}

@book{pml2Book,
  author    = {Kevin P. Murphy},
  publisher = {MIT Press},
  title     = {Probabilistic Machine Learning: Advanced Topics},
  url       = {http://probml.github.io/book2},
  year      = 2023
}

@misc{radford2016unsupervised,
  archiveprefix = {arXiv},
  author        = {Alec Radford and Luke Metz and Soumith Chintala},
  eprint        = {1511.06434},
  primaryclass  = {cs.LG},
  title         = {Unsupervised Representation Learning with Deep Convolutional Generative Adversarial Networks},
  year          = {2016}
}

@misc{rahaman2019spectral,
  archiveprefix = {arXiv},
  author        = {Nasim Rahaman and Aristide Baratin and Devansh Arpit and Felix Draxler and Min Lin and Fred A. Hamprecht and Yoshua Bengio and Aaron Courville},
  eprint        = {1806.08734},
  primaryclass  = {stat.ML},
  title         = {On the Spectral Bias of Neural Networks},
  year          = {2019}
}

@misc{razavi2019preventing,
  archiveprefix = {arXiv},
  author        = {Ali Razavi and Aäron van den Oord and Ben Poole and Oriol Vinyals},
  eprint        = {1901.03416},
  primaryclass  = {cs.LG},
  title         = {Preventing Posterior Collapse with delta-VAEs},
  year          = {2019}
}

@misc{rombach2022highresolution,
  archiveprefix = {arXiv},
  author        = {Robin Rombach and Andreas Blattmann and Dominik Lorenz and Patrick Esser and Björn Ommer},
  eprint        = {2112.10752},
  primaryclass  = {cs.CV},
  title         = {High-Resolution Image Synthesis with Latent Diffusion Models},
  year          = {2022}
}

@misc{ronneberger2015unet,
  archiveprefix = {arXiv},
  author        = {Olaf Ronneberger and Philipp Fischer and Thomas Brox},
  eprint        = {1505.04597},
  primaryclass  = {cs.CV},
  title         = {U-Net: Convolutional Networks for Biomedical Image Segmentation},
  year          = {2015}
}

@misc{ronneberger2015unet,
  archiveprefix = {arXiv},
  author        = {Olaf Ronneberger and Philipp Fischer and Thomas Brox},
  eprint        = {1505.04597},
  primaryclass  = {cs.CV},
  title         = {U-Net: Convolutional Networks for Biomedical Image Segmentation},
  year          = {2015}
}

@misc{samarin2022powerdm,
  author = {Aleksandr Samarin},
  title  = {Power of Diffusion Models},
  url    = {https://astralord.github.io/posts/power-of-diffusion-models/},
  year   = {2022}
}

@book{santambrogio2019ot,
  added-at    = {2019-12-11T00:48:10.000+0100},
  author      = {Santambrogio, Filippo},
  biburl      = {https://www.bibsonomy.org/bibtex/281ed66090d576f173cc088fb4596d431/kirk86},
  description = {OTAM-cvgmt.pdf},
  interhash   = {d50122af28034ea04f9891cf91bd5af4},
  intrahash   = {81ed66090d576f173cc088fb4596d431},
  keywords    = {book optimal-transport},
  timestamp   = {2019-12-11T00:48:58.000+0100},
  title       = {Optimal Transport for Applied Mathematicians. Calculus of Variations, PDEs and Modeling},
  url         = {https://www.math.u-psud.fr/~filippo/OTAM-cvgmt.pdf},
  year        = 2015
}

@book{sarkkaSolin2019,
  author    = {Simo Särkkä and Arno Solin},
  publisher = {Cambridge University Press},
  title     = {Applied Stochastic Differential Equations},
  year      = 2019
}

@misc{sohldickstein2015deep,
  archiveprefix = {arXiv},
  author        = {Jascha Sohl-Dickstein and Eric A. Weiss and Niru Maheswaranathan and Surya Ganguli},
  eprint        = {1503.03585},
  primaryclass  = {cs.LG},
  title         = {Deep Unsupervised Learning using Nonequilibrium Thermodynamics},
  year          = {2015}
}

@misc{somnath2023aligned,
  archiveprefix = {arXiv},
  author        = {Vignesh Ram Somnath and Matteo Pariset and Ya-Ping Hsieh and Maria Rodriguez Martinez and Andreas Krause and Charlotte Bunne},
  eprint        = {2302.11419},
  primaryclass  = {cs.LG},
  title         = {Aligned Diffusion Schr\"odinger Bridges},
  year          = {2023}
}

@misc{song2019sliced,
  archiveprefix = {arXiv},
  author        = {Yang Song and Sahaj Garg and Jiaxin Shi and Stefano Ermon},
  eprint        = {1905.07088},
  primaryclass  = {cs.LG},
  title         = {Sliced Score Matching: A Scalable Approach to Density and Score Estimation},
  year          = {2019}
}


@misc{song2020generative,
  archiveprefix = {arXiv},
  author        = {Yang Song and Stefano Ermon},
  eprint        = {1907.05600},
  primaryclass  = {cs.LG},
  title         = {Generative Modeling by Estimating Gradients of the Data Distribution},
  year          = {2020}
}

@misc{song2021scorebased,
  archiveprefix = {arXiv},
  author        = {Yang Song and Jascha Sohl-Dickstein and Diederik P. Kingma and Abhishek Kumar and Stefano Ermon and Ben Poole},
  eprint        = {2011.13456},
  primaryclass  = {cs.LG},
  title         = {Score-Based Generative Modeling through Stochastic Differential Equations},
  year          = {2021}
}

@misc{song2022denoising,
  archiveprefix = {arXiv},
  author        = {Jiaming Song and Chenlin Meng and Stefano Ermon},
  eprint        = {2010.02502},
  primaryclass  = {cs.LG},
  title         = {Denoising Diffusion Implicit Models},
  year          = {2022}
}

@book{Thorpe2018,
  address = {F2.08, Centre for Mathematical Sciences, University of Cambridge},
  author  = {Thorpe, Matthew},
  email   = {m.thorpe@maths.cam.ac.uk},
  note    = {Current Version: Thursday 8th March, 2018},
  title   = {Introduction to Optimal Transport},
  year    = {2018}
}


@book{tomczak2022deep,
  author    = {Jakub M. Tomczak},
  doi       = {https://doi.org/10.1007/978-3-030-93158-2},
  isbn      = {978-3-030-93157-5},
  publisher = {Springer Cham},
  title     = {Deep Generative Modeling},
  url       = {https://link.springer.com/book/10.1007/978-3-030-93158-2},
  year      = 2022
}

@misc{turner_diffusion_2021,
  author       = {Turner, Angus},
  howpublished = {\url{https://angusturner.github.io/generative_models/2021/06/29/diffusion-probabilistic-models-I.html}},
  title        = {Diffusion Models as a kind of VAE},
  year         = {2021}
}

@misc{vaswani2023attention,
  archiveprefix = {arXiv},
  author        = {Ashish Vaswani and Noam Shazeer and Niki Parmar and Jakob Uszkoreit and Llion Jones and Aidan N. Gomez and Lukasz Kaiser and Illia Polosukhin},
  eprint        = {1706.03762},
  primaryclass  = {cs.CL},
  title         = {Attention Is All You Need},
  year          = {2023}
}


@book{villani2003topics,
  author    = {Villani, C. and American Mathematical Society},
  isbn      = {9781470418045},
  lccn      = {2003040350},
  publisher = {American Mathematical Society},
  series    = {Graduate studies in mathematics},
  title     = {Topics in Optimal Transportation},
  url       = {https://books.google.cl/books?id=MyPjjgEACAAJ},
  year      = {2003}
}

@misc{wu2018group,
  archiveprefix = {arXiv},
  author        = {Yuxin Wu and Kaiming He},
  eprint        = {1803.08494},
  primaryclass  = {cs.CV},
  title         = {Group Normalization},
  year          = {2018}
}

@misc{zagoruyko2017wide,
  archiveprefix = {arXiv},
  author        = {Sergey Zagoruyko and Nikos Komodakis},
  eprint        = {1605.07146},
  primaryclass  = {cs.CV},
  title         = {Wide Residual Networks},
  year          = {2017}
}

@inproceedings{cuturi2023learning,
  author       = {Cuturi, Marco and Peyr{'e}, G. and Genevay, A. and Doucet, A. and Solomon, J. and Benamou, J.D. and Bonneel, N. and Bach, F. and Nenna, L. and Carlier, G. and Blondel, M.},
  organization = {ENS and Oxford and MIT and INRIA and Dauphine and NTT},
  title        = {Learning with Regularized Distances: Optimal Transport and Dynamic Time Warping},
  year         = {2017}
}

@misc{léonard2013survey,
  archiveprefix = {arXiv},
  author        = {Christian Léonard},
  title         = {A survey of the Schr\"odinger problem and some of its connections with optimal transport},
  year          = {2013}
}

@misc{ho2022classifierfreediffusionguidance,
  archiveprefix = {arXiv},
  author        = {Jonathan Ho and Tim Salimans},
  eprint        = {2207.12598},
  primaryclass  = {cs.LG},
  title         = {Classifier-Free Diffusion Guidance},
  url           = {https://arxiv.org/abs/2207.12598},
  year          = {2022}
}

@misc{karras2022elucidatingdesignspacediffusionbased,
  archiveprefix = {arXiv},
  author        = {Tero Karras and Miika Aittala and Timo Aila and Samuli Laine},
  eprint        = {2206.00364},
  primaryclass  = {cs.CV},
  title         = {Elucidating the Design Space of Diffusion-Based Generative Models},
  url           = {https://arxiv.org/abs/2206.00364},
  year          = {2022}
}

@misc{khrulkov2022understandingddpmlatentcodes,
  archiveprefix = {arXiv},
  author        = {Valentin Khrulkov and Gleb Ryzhakov and Andrei Chertkov and Ivan Oseledets},
  eprint        = {2202.07477},
  primaryclass  = {stat.ML},
  title         = {Understanding DDPM Latent Codes Through Optimal Transport},
  url           = {https://arxiv.org/abs/2202.07477},
  year          = {2022}
}

@misc{song2023consistencymodels,
  archiveprefix = {arXiv},
  author        = {Yang Song and Prafulla Dhariwal and Mark Chen and Ilya Sutskever},
  eprint        = {2303.01469},
  primaryclass  = {cs.LG},
  title         = {Consistency Models},
  url           = {https://arxiv.org/abs/2303.01469},
  year          = {2023}
}

@article{LAVENANT2022108225,
  author   = {Hugo Lavenant and Filippo Santambrogio},
  doi      = {https://doi.org/10.1016/j.aml.2022.108225},
  issn     = {0893-9659},
  journal  = {Applied Mathematics Letters},
  keywords = {Optimal transport, Fokker–Planck equation, Asymptotic behavior of solutions to PDEs},
  pages    = {108225},
  title    = {The flow map of the Fokker–Planck equation does not provide optimal transport},
  url      = {https://www.sciencedirect.com/science/article/pii/S089396592200180X},
  volume   = {133},
  year     = {2022}
}

@misc{brock2019largescalegantraining,
  archiveprefix = {arXiv},
  author        = {Andrew Brock and Jeff Donahue and Karen Simonyan},
  eprint        = {1809.11096},
  primaryclass  = {cs.LG},
  title         = {Large Scale GAN Training for High Fidelity Natural Image Synthesis},
  url           = {https://arxiv.org/abs/1809.11096},
  year          = {2019}
}

@misc{peebles2023scalablediffusionmodelstransformers,
  archiveprefix = {arXiv},
  author        = {William Peebles and Saining Xie},
  eprint        = {2212.09748},
  primaryclass  = {cs.CV},
  title         = {Scalable Diffusion Models with Transformers},
  url           = {https://arxiv.org/abs/2212.09748},
  year          = {2023}
}

@misc{chen2023importancenoiseschedulingdiffusion,
  archiveprefix = {arXiv},
  author        = {Ting Chen},
  eprint        = {2301.10972},
  primaryclass  = {cs.CV},
  title         = {On the Importance of Noise Scheduling for Diffusion Models},
  url           = {https://arxiv.org/abs/2301.10972},
  year          = {2023}
}

@misc{gu2022efficientlymodelinglongsequences,
  archiveprefix = {arXiv},
  author        = {Albert Gu and Karan Goel and Christopher Ré},
  eprint        = {2111.00396},
  primaryclass  = {cs.LG},
  title         = {Efficiently Modeling Long Sequences with Structured State Spaces},
  url           = {https://arxiv.org/abs/2111.00396},
  year          = {2022}
}

@misc{song2021trainenergybasedmodels,
  archiveprefix = {arXiv},
  author        = {Yang Song and Diederik P. Kingma},
  eprint        = {2101.03288},
  primaryclass  = {cs.LG},
  title         = {How to Train Your Energy-Based Models},
  url           = {https://arxiv.org/abs/2101.03288},
  year          = {2021}
}

@misc{debortoli2023convergencedenoisingdiffusionmodels,
  archiveprefix = {arXiv},
  author        = {Valentin De Bortoli},
  eprint        = {2208.05314},
  primaryclass  = {stat.ML},
  title         = {Convergence of denoising diffusion models under the manifold hypothesis},
  url           = {https://arxiv.org/abs/2208.05314},
  year          = {2023}
}

@misc{salimans2022progressivedistillationfastsampling,
  archiveprefix = {arXiv},
  author        = {Tim Salimans and Jonathan Ho},
  eprint        = {2202.00512},
  primaryclass  = {cs.LG},
  title         = {Progressive Distillation for Fast Sampling of Diffusion Models},
  url           = {https://arxiv.org/abs/2202.00512},
  year          = {2022}
}

@misc{song2021trainenergybasedmodels,
  archiveprefix = {arXiv},
  author        = {Yang Song and Diederik P. Kingma},
  eprint        = {2101.03288},
  primaryclass  = {cs.LG},
  title         = {How to Train Your Energy-Based Models},
  url           = {https://arxiv.org/abs/2101.03288},
  year          = {2021}
}

@misc{lu2022dpmsolverfastodesolver,
  archiveprefix = {arXiv},
  author        = {Cheng Lu and Yuhao Zhou and Fan Bao and Jianfei Chen and Chongxuan Li and Jun Zhu},
  eprint        = {2206.00927},
  primaryclass  = {cs.LG},
  title         = {DPM-Solver: A Fast ODE Solver for Diffusion Probabilistic Model Sampling in Around 10 Steps},
  url           = {https://arxiv.org/abs/2206.00927},
  year          = {2022}
}

@misc{lu2023dpmsolverfastsolverguided,
  archiveprefix = {arXiv},
  author        = {Cheng Lu and Yuhao Zhou and Fan Bao and Jianfei Chen and Chongxuan Li and Jun Zhu},
  eprint        = {2211.01095},
  primaryclass  = {cs.LG},
  title         = {DPM-Solver++: Fast Solver for Guided Sampling of Diffusion Probabilistic Models},
  url           = {https://arxiv.org/abs/2211.01095},
  year          = {2023}
}

@misc{radford2021learningtransferablevisualmodels,
  archiveprefix = {arXiv},
  author        = {Alec Radford and Jong Wook Kim and Chris Hallacy and Aditya Ramesh and Gabriel Goh and Sandhini Agarwal and Girish Sastry and Amanda Askell and Pamela Mishkin and Jack Clark and Gretchen Krueger and Ilya Sutskever},
  eprint        = {2103.00020},
  primaryclass  = {cs.CV},
  title         = {Learning Transferable Visual Models From Natural Language Supervision},
  url           = {https://arxiv.org/abs/2103.00020},
  year          = {2021}
}

@misc{nichol2022glidephotorealisticimagegeneration,
  archiveprefix = {arXiv},
  author        = {Alex Nichol and Prafulla Dhariwal and Aditya Ramesh and Pranav Shyam and Pamela Mishkin and Bob McGrew and Ilya Sutskever and Mark Chen},
  eprint        = {2112.10741},
  primaryclass  = {cs.CV},
  title         = {GLIDE: Towards Photorealistic Image Generation and Editing with Text-Guided Diffusion Models},
  url           = {https://arxiv.org/abs/2112.10741},
  year          = {2022}
}

@book{boyd2004convex,
  author    = {Boyd, Stephen and Vandenberghe, Lieven},
  publisher = {Cambridge university press},
  title     = {Convex optimization},
  year      = {2004}
}

@phdthesis{Bunne2023,
  address = {Zurich, Switzerland},
  author  = {Bunne, Charlotte},
  school  = {ETH Zurich},
  title   = {Neural Optimal Transport for Dynamical Systems: Methods and Applications in Biomedicine},
  type    = {{PhD} Thesis},
  year    = {2023}
}

@book{evans2013introduction,
  address   = {Providence, Rhode Island},
  author    = {Evans, Lawrence C.},
  isbn      = {978-1-4704-1054-4},
  publisher = {American Mathematical Society},
  title     = {An introduction to stochastic differential equations},
  year      = {2013}
}

@book{karatzas1988brownian,
  address   = {New York},
  author    = {Karatzas, I. and Shreve, S.E.},
  doi       = {10.1007/978-1-4684-0302-2},
  publisher = {Springer-Verlag Inc.},
  title     = {Brownian Motion and Stochastic Calculus},
  year      = {1988}
}

@unpublished{nutz2022introduction,
  author      = {Nutz, Marcel},
  institution = {Columbia University},
  note        = {Unpublished lecture notes},
  title       = {Introduction to Entropic Optimal Transport},
  url         = {},
  year        = {2022}
}

@misc{arjovsky2017wassersteingan,
  archiveprefix = {arXiv},
  author        = {Martin Arjovsky and Soumith Chintala and Léon Bottou},
  eprint        = {1701.07875},
  primaryclass  = {stat.ML},
  title         = {Wasserstein GAN},
  url           = {https://arxiv.org/abs/1701.07875},
  year          = {2017}
}

@article{Blei_2017,
  author    = {Blei, David M. and Kucukelbir, Alp and McAuliffe, Jon D.},
  doi       = {10.1080/01621459.2017.1285773},
  issn      = {1537-274X},
  journal   = {Journal of the American Statistical Association},
  month     = apr,
  number    = {518},
  pages     = {859–877},
  publisher = {Informa UK Limited},
  title     = {Variational Inference: A Review for Statisticians},
  url       = {http://dx.doi.org/10.1080/01621459.2017.1285773},
  volume    = {112},
  year      = {2017}
}

@article{kolouri2017optimal,
  author    = {Kolouri, Soheil and Park, Se Rim and Thorpe, Matthew and Slepčev, Dejan and Rohde, Gustavo K},
  journal   = {IEEE Signal Processing Magazine},
  number    = {4},
  pages     = {43--59},
  publisher = {IEEE},
  title     = {Optimal Mass Transport: Signal processing and machine-learning applications},
  volume    = {34},
  year      = {2017}
}

@article{dudley1969,
  author  = {R. M. Dudley},
  doi     = {10.1214/aoms/1177697802},
  journal = {Annals of Mathematical Statistics},
  number  = {1},
  pages   = {40-50},
  title   = {The Speed of Mean Glivenko-Cantelli Convergence},
  url     = {https://doi.org/10.1214/aoms/1177697802},
  volume  = {40},
  year    = {1969}
}

@misc{devlin2019bertpretrainingdeepbidirectional,
  archiveprefix = {arXiv},
  author        = {Jacob Devlin and Ming-Wei Chang and Kenton Lee and Kristina Toutanova},
  eprint        = {1810.04805},
  primaryclass  = {cs.CL},
  title         = {BERT: Pre-training of Deep Bidirectional Transformers for Language Understanding},
  url           = {https://arxiv.org/abs/1810.04805},
  year          = {2019}
}

@misc{betzalel2022studyevaluationgenerativemodels,
  archiveprefix = {arXiv},
  author        = {Eyal Betzalel and Coby Penso and Aviv Navon and Ethan Fetaya},
  eprint        = {2206.10935},
  primaryclass  = {cs.LG},
  title         = {A Study on the Evaluation of Generative Models},
  url           = {https://arxiv.org/abs/2206.10935},
  year          = {2022}
}

@misc{lipman2023flowmatchinggenerativemodeling,
  archiveprefix = {arXiv},
  author        = {Yaron Lipman and Ricky T. Q. Chen and Heli Ben-Hamu and Maximilian Nickel and Matt Le},
  eprint        = {2210.02747},
  primaryclass  = {cs.LG},
  title         = {Flow Matching for Generative Modeling},
  url           = {https://arxiv.org/abs/2210.02747},
  year          = {2023}
}

@misc{liu2022flowstraightfastlearning,
  archiveprefix = {arXiv},
  author        = {Xingchao Liu and Chengyue Gong and Qiang Liu},
  eprint        = {2209.03003},
  primaryclass  = {cs.LG},
  title         = {Flow Straight and Fast: Learning to Generate and Transfer Data with Rectified Flow},
  url           = {https://arxiv.org/abs/2209.03003},
  year          = {2022}
}

@misc{chen2019neuralordinarydifferentialequations,
  archiveprefix = {arXiv},
  author        = {Ricky T. Q. Chen and Yulia Rubanova and Jesse Bettencourt and David Duvenaud},
  eprint        = {1806.07366},
  primaryclass  = {cs.LG},
  title         = {Neural Ordinary Differential Equations},
  url           = {https://arxiv.org/abs/1806.07366},
  year          = {2019}
}

@misc{song2021maximumlikelihoodtrainingscorebased,
  archiveprefix = {arXiv},
  author        = {Yang Song and Conor Durkan and Iain Murray and Stefano Ermon},
  eprint        = {2101.09258},
  primaryclass  = {stat.ML},
  title         = {Maximum Likelihood Training of Score-Based Diffusion Models},
  url           = {https://arxiv.org/abs/2101.09258},
  year          = {2021}
}

@misc{chen2020stochasticcontrolliaisonsrichard,
  archiveprefix = {arXiv},
  author        = {Yongxin Chen and Tryphon T. Georgiou and Michele Pavon},
  eprint        = {2005.10963},
  primaryclass  = {math.OC},
  title         = {Stochastic control liaisons: Richard Sinkhorn meets Gaspard Monge on a Schroedinger bridge},
  url           = {https://arxiv.org/abs/2005.10963},
  year          = {2020}
}

@misc{chen2023likelihoodtrainingschrodingerbridge,
  archiveprefix = {arXiv},
  author        = {Tianrong Chen and Guan-Horng Liu and Evangelos A. Theodorou},
  eprint        = {2110.11291},
  primaryclass  = {stat.ML},
  title         = {Likelihood Training of Schr\"odinger Bridge using Forward-Backward SDEs Theory},
  url           = {https://arxiv.org/abs/2110.11291},
  year          = {2023}
}